This file was created with JabRef 2.2.
Encoding: MacRoman

@inproceedings{Kim:2010,
	author = {Kim, Minjang and Kim, Hyesoon and Luk, Chi-Keung},
	title = {SD3: A Scalable Approach to Dynamic Data-Dependence Profiling},
	booktitle = {Proceedings of the 2010 43rd Annual IEEE/ACM International Symposium on Microarchitecture},
	series = {MICRO '43},
	year = {2010},
	isbn = {978-0-7695-4299-7},
	pages = {535--546},
	numpages = {12},
	url = {http://dx.doi.org/10.1109/MICRO.2010.49},
	doi = {10.1109/MICRO.2010.49},
	acmid = {1934996},
	publisher = {IEEE Computer Society},
	address = {Washington, DC, USA},
	keywords = {profiling, data dependence, parallel programming, program analysis, compression, parallelization},
} 

@inproceedings{Luk:2005,
	author = {Luk, Chi-Keung and Cohn, Robert and Muth, Robert and Patil, Harish and Klauser, Artur and Lowney, Geoff and Wallace, Steven and Reddi, Vijay Janapa and Hazelwood, Kim},
	title = {Pin: Building Customized Program Analysis Tools with Dynamic Instrumentation},
	booktitle = {Proceedings of the 2005 ACM SIGPLAN Conference on Programming Language Design and Implementation},
	series = {PLDI '05},
	year = {2005},
	isbn = {1-59593-056-6},
	location = {Chicago, IL, USA},
	pages = {190--200},
	numpages = {11},
	url = {http://doi.acm.org/10.1145/1065010.1065034},
	doi = {10.1145/1065010.1065034},
	acmid = {1065034},
	publisher = {ACM},
	address = {New York, NY, USA},
	keywords = {dynamic compilation, instrumentation, program analysis tools},
} 

@article{Zahran:2016,
	author = {Zahran, Mohamed},
	title = {Heterogeneous Computing: Here to Stay},
	journal = {Queue},
	issue_date = {November-December 2016},
	volume = {14},
	number = {6},
	month = dec,
	year = {2016},
	issn = {1542-7730},
	pages = {40:31--40:42},
	articleno = {40},
	numpages = {12},
	url = {http://doi.acm.org/10.1145/3028687.3038873},
	doi = {10.1145/3028687.3038873},
	acmid = {3038873},
	publisher = {ACM},
	address = {New York, NY, USA},
} 
@article{Nickolls:2008,
	author = {Nickolls, John and Buck, Ian and Garland, Michael and Skadron, Kevin},
	title = {Scalable Parallel Programming with CUDA},
	journal = {Queue},
	issue_date = {March/April 2008},
	volume = {6},
	number = {2},
	month = mar,
	year = {2008},
	issn = {1542-7730},
	pages = {40--53},
	numpages = {14},
	url = {http://doi.acm.org/10.1145/1365490.1365500},
	doi = {10.1145/1365490.1365500},
	acmid = {1365500},
	publisher = {ACM},
	address = {New York, NY, USA},
} 
@article{Borkar:2011:FM:1941487.1941507,
	author = {Borkar, Shekhar and Chien, Andrew A.},
	title = {The Future of Microprocessors},
	journal = {Commun. ACM},
	issue_date = {May 2011},
	volume = {54},
	number = {5},
	month = may,
	year = {2011},
	issn = {0001-0782},
	pages = {67--77},
	numpages = {11},
	url = {http://doi.acm.org/10.1145/1941487.1941507},
	doi = {10.1145/1941487.1941507},
	acmid = {1941507},
	publisher = {ACM},
	address = {New York, NY, USA},
} 

@ARTICLE{Hoste:2007, 
	author={K. Hoste and L. Eeckhout}, 
	journal={IEEE Micro}, 
	title={Microarchitecture-Independent Workload Characterization}, 
	year={2007}, 
	volume={27}, 
	number={3}, 
	pages={63-72}, 
	abstract={For computer designers, understanding the characteristics of workloads running on current and future computer systems is of utmost importance during microprocessor design a microarchitecture-independent method ensures an accurate characterization of inherent program behavior and avoids the weaknesses of microarchitecture-dependent metrics.}, 
	keywords={computer architecture;microprogramming;computer designers;computer systems;microarchitecture-independent workload characterization;microprocessor design;Application software;Biometrics;Computational modeling;Counting circuits;Design optimization;Hardware;Microarchitecture;Microprocessors;Performance analysis;Solids;measurement techniques;modeling techniques;performance attributes;workload characterization}, 
	doi={10.1109/MM.2007.56}, 
	ISSN={0272-1732}, 
	month={May},
}

@inproceedings{Che:2010,
	author = {Che, Shuai and Sheaffer, Jeremy W. and Boyer, Michael and Szafaryn, Lukasz G. and Liang Wang and Skadron, Kevin},
	title = {A Characterization of the Rodinia Benchmark Suite with Comparison to Contemporary CMP Workloads},
	booktitle = {Proceedings of the IEEE International Symposium on Workload Characterization (IISWC'10)},
	series = {IISWC '10},
	year = {2010},
	isbn = {978-1-4244-9297-8},
	pages = {1--11},
	numpages = {11},
	url = {http://dx.doi.org/10.1109/IISWC.2010.5650274},
	doi = {10.1109/IISWC.2010.5650274},
	acmid = {1919263},
	publisher = {IEEE Computer Society},
	address = {Washington, DC, USA},
} 

@BOOK{angel:2000,
  title = {Interactive Computer Graphics : A Top-Down Approach with OpenGL},
  publisher = {Addison Wesley Longman},
  year = {2000},
  author = {Edward Angel},
  address = {Boston, MA},
  isbn = {0-201-38597-X}
}

@BOOK{angel:2001,
  title = {Batch-file Computer Graphics : A Bottom-Up Approach with QuickTime},
  publisher = {Wesley Addison Longman},
  year = {2001},
  author = {Edward Angel},
  address = {Boston, MA},
  isbn = {0-201-38597-X}
}

@BOOK{angel:2002a,
  title = {test second book by angel},
  publisher = {Wesley Addison Longman},
  year = {2001},
  author = {Edward Angel},
  address = {Boston, MA},
  isbn = {0-201-38597-X}
}


@ARTICLE{deussen:2000,
  author = {Oliver Deussen and Thomas Strothotte},
  title = {Computer-Generated Pen-and-Ink Illustration of Trees},
  journal = {``Proceedings of'' SIGGRAPH 2000},
  year = {2000},
  pages = {13--18},
  address = {New Orleans, Louisiana},
  editor = {Kurt Akeley},
  isbn = {1-58113-208-5},
  publisher = {ACM Press / ACM SIGGRAPH / Addison Wesley Longman},
  series = {Computer Graphics Proceedings, Annual Conference Series}
}

@BOOK{hipr:1997,
  title = {Hypermedia Image Processing Reference},
  publisher = {John Wiley \& Sons},
  year = {1997},
  author = {Robert Fisher and Simon Perkins and Ashley Walker and Erik Wolfart},
  address = {New York, NY},
  isbn = {0-471-96243-0}
}

@BOOK{goochandgooch:2001,
  title = {{Non-Photorealistic Rendering}},
  publisher = {A K Peters},
  year = {2001},
  author = {Bruce Gooch and Amy Gooch},
  address = {Natick, Massachusetts},
  isbn = {1-56881-133-0}
}

@BOOK{goochandgooch:2001a,
  title = {Test second book by gooches},
  publisher = {A K Peters},
  year = {2001},
  author = {Bruce Gooch and Amy Gooch},
  address = {Natick, Massachusetts},
  isbn = {1-56881-133-0}
}


@ARTICLE{hertzmann:2000,
  author = {Aaron Hertzmann and Dennis Zorin},
  title = {Illustrating Smooth Surfaces},
  journal = {Proceedings of SIGGRAPH 2000},
  year = {2000},
  volume = {5},
  number = {17},
  pages = {517--526},
  month = {July},
  address = {New Orleans, Louisiana},
  editor = {Kurt Akeley},
  isbn = {1-58113-208-5},
  publisher = {ACM Press / ACM SIGGRAPH / Addison Wesley Longman},
  series = {Computer Graphics Proceedings, Annual Conference Series}
}

@BOOK{jain:1989,
  title = {Fundamentals of Digital Image Processing},
  publisher = {Prentice-Hall},
  year = {1989},
  author = {Anil K. Jain},
  address = {Englewood Cliffs, New Jersey},
  isbn = {0-13-336165-9}
}

@INCOLLECTION{Molina1994,
  author = {Molina,  S. T.  and Borkovec,  T. D.},
  title = {The {P}enn {S}tate Worry Questionnaire: Psychometric properties and
	associated characteristics},
  booktitle = {Worrying: Perspectives on theory, assessment and treatment},
  publisher = {Wiley},
  year = {1994},
  editor = {G. C. L. Davey and F. Tallis},
  pages = {265-283},
  address = {New York},
  owner = {salzberg},
  timestamp = {2007.04.18}
}

@PHDTHESIS{noble:2002,
  author = {Noble, Samuel G.},
  title = {Turning images into simple line-art},
  school = {Reed College},
  year = {2002},
  type = {Undergraduate thesis},
  date-added = {2007-03-14 10:12:04 -0700},
  date-modified = {2007-03-14 10:30:42 -0700}
}

@MISC{reedweb:2007,
  author = {Reed{\ }College},
  title = {LaTeX Your Document},
  month = {March},
  year = {2007},
  date-added = {2007-03-14 10:07:06 -0700},
  date-modified = {2007-03-14 10:09:03 -0700},
  lastchecked = {March 14, 2007},
  url = {http://web.reed.edu/cis/help/LaTeX/index.html}
}

@BOOK{russ:1995,
  title = {{The Image Processing Handbook, Second Edition}},
  publisher = {CRC Press},
  year = {1995},
  author = {John C. Russ},
  address = {Boca Raton, Florida},
  isbn = {0-8493-2516-1}
}

@ARTICLE{salisbury:1997,
  author = {Michael P. Salisbury and Michael T. Wong and John F. Hughes and David
	H. Salesin},
  title = {Orientable Textures for Image-Based Pen-and-Ink Illustration},
  journal = {``Proceedings of'' SIGGRAPH 97},
  year = {1997},
  pages = {401--406},
  month = {August},
  address = {Los Angeles, California},
  editor = {Turner Whitted},
  isbn = {0-89791-896-7},
  publisher = {Addison Wesley},
  series = {Computer Graphics Proceedings, Annual Conference Series}
}

@BOOK{savitch:2001,
  title = {JAVA: An Introduction to Computer Science \& Programming},
  publisher = {Prentice Hall},
  year = {2001},
  author = {Walter Savitch},
  address = {Upper Saddle River, New Jersey},
  isbn = {0-13-031697-0}
}

@MASTERSTHESIS{wong:1999,
  author = {Eric Wong},
  title = {{Artistic Rendering of Portrait Photographs}},
  school = {Cornell University},
  year = {1999}
}

